@book{CHOI,
  author = {Choi, Byungcho},
  title = {Pulsewidth Modulated DC-to-DC Power Conversion: Circuits, Dynamics, Control and DC Power Distribution Systems},
  year = {2022},
  publisher = {John Wiley \& Sons, Inc.},
  address = {Hoboken, New Jersey},
  edition = {2nd}
},

@misc{PICUINO,
  author = {Picuino},
  title = {Control PID},
  howpublished = {\url{https://www.picuino.com/es/control-pid.html}},
  year = {2024},
  note = {Accedido: 26 de agosto de 2024}
},

@book{ADAM,
  author = {Adam, Eduardo},
  title = {Instrumentación y control de procesos},
  year = {2020},
  publisher = {Ediciones UNL},
  address = {Santa Fe},
  edition = {3ra}
},

@book{RASHID,
  author = {Muhhammad H., Rashid},
  title = {Electrónica de potencia, circuitos, dispositivos y aplicaciones},
  year = {2004},
  publisher = {Pearson Educación},
  address = {Naucalpan de Juárez, Edo. de México},
  edition = {3ra}
},

@online{ESPIDF,
  title = {ESP-IDF Programming Guide},
  author = {{Espressif Systems}},
  year = {2024},
  url = {https://docs.espressif.com/projects/esp-idf/en/v5.3/esp32s3/api-reference/index.html},
  urldate = {2024-08-30},
},