@book{CHOI,
  author = {Choi, Byungcho},
  title = {Pulsewidth Modulated DC-to-DC Power Conversion: Circuits, Dynamics, Control and DC Power Distribution Systems},
  year = {2022},
  publisher = {John Wiley \& Sons, Inc.},
  address = {Hoboken, New Jersey, United States of America},
  edition = {2nd edition}
},

@online{PICUINO,
  author = {Picuino},
  title = {Control PID},
  url = {https://www.picuino.com/es/control-pid.html},
  year = {2024},
  urldate = {2024-08-26}
},

@book{ADAM,
  author = {Adam, Eduardo},
  title = {Instrumentación y control de procesos},
  year = {2020},
  publisher = {Ediciones UNL},
  address = {Santa Fe, Argentina},
  edition = {3ra edición}
},

@book{RASHID,
  author = {Muhhammad H., Rashid},
  title = {Electrónica de potencia, circuitos, dispositivos y aplicaciones},
  year = {2004},
  publisher = {Pearson Educación},
  address = {Naucalpan de Juárez, Edo. de México, México},
  edition = {3ra edición}
},

@online{ESPIDF,
  title = {ESP-IDF Programming Guide},
  author = {{Espressif Systems}},
  year = {2024},
  url = {https://docs.espressif.com/projects/esp-idf/en/v5.3/esp32s3/api-reference/index.html},
  urldate = {2024-08-30},
},

@book{OGATA,
  author = {Ogata, Katsuhiko},
  title = {Ingeniería de Control Moderna},
  year = {2010},
  publisher = {Pearson Educación},
  address = {Madrid, España},
  edition = {5ta edición}
},

@misc{MATLAB_place,
  author = "{MathWorks}",
  title = "{place}",
  howpublished = "\url{https://la.mathworks.com/help/control/ref/lti.lqr.html}",
  year = "2024",
  note = "[Accessed: 25-Sep-2024]"
},

@misc{MATLAB_lqr,
  author = "{MathWorks}",
  title = "{lqr}",
  howpublished = "\url{https://la.mathworks.com/help/control/ref/place.html}",
  year = "2024",
  note = "[Accessed: 25-Sep-2024]"
},

@book{BRUNTON,
  author = {Brunton, Steven L. and Kutz, J. Nathan},
  title = {Data-Driven Science and Engineering: Machine Learning, Dynamical Systems, and Control},
  year = {2019},
  publisher = {Cambridge University Press},
  address = {Cambridge, United Kingdom},
  edition = {1st edition}
},

@misc{WELCH,
  author = {Welch, Greg and Bishop, Gary},
  title = {An Introduction to the Kalman Filter},
  year = {2006},
  month = {07},
  howpublished = "\url{https://www.cs.unc.edu/~welch/media/pdf/kalman_intro.pdf}",
  address = {Chapel Hill, North Carolina, United States of America},
}