@book{CHOI,
  author = {Choi, Byungcho},
  title = {Pulsewidth Modulated DC-to-DC Power Conversion: Circuits, Dynamics, Control and DC Power Distribution Systems},
  year = {2022},
  publisher = {John Wiley \& Sons, Inc.},
  address = {Hoboken, New Jersey, United States of America},
  edition = {2nd edition}
},

@online{PICUINO,
  author = {Picuino},
  title = {Control PID},
  url = {https://www.picuino.com/es/control-pid.html},
  year = {2024},
  urldate = {2024-08-26}
},

@book{ADAM,
  author = {Adam, Eduardo},
  title = {Instrumentación y control de procesos},
  year = {2020},
  publisher = {Ediciones UNL},
  address = {Santa Fe, Argentina},
  edition = {3ra edición}
},

@book{RASHID,
  author = {Muhhammad H., Rashid},
  title = {Electrónica de potencia, circuitos, dispositivos y aplicaciones},
  year = {2004},
  publisher = {Pearson Educación},
  address = {Naucalpan de Juárez, Edo. de México, México},
  edition = {3ra edición}
},

@online{ESPIDF,
  title = {ESP-IDF Programming Guide},
  author = {{Espressif Systems}},
  year = {2024},
  url = {https://docs.espressif.com/projects/esp-idf/en/v5.3/esp32s3/api-reference/index.html},
  urldate = {2024-08-30},
},

@book{OGATA,
  author = {Ogata, Katsuhiko},
  title = {Ingeniería de Control Moderna},
  year = {2010},
  publisher = {Pearson Educación},
  address = {Madrid, España},
  edition = {5ta edición}
},